%YAML 1.1
%TAG !u! tag:unity3d.com,2011:
--- !u!241 &24100000
AudioMixerController:
  m_ObjectHideFlags: 0
  m_PrefabParentObject: {fileID: 0}
  m_PrefabInternal: {fileID: 0}
  m_Name: AudioMixer
  m_OutputGroup: {fileID: 0}
  m_MasterGroup: {fileID: 24300001}
  m_Snapshots:
  - {fileID: 24500003}
  m_StartSnapshot: {fileID: 24500003}
  m_SuspendThreshold: -80
  m_EnableSuspend: 1
  m_ExposedParameters:
  - guid: 4abde71e89c7841e9bc8d0a728efd857
    name: engineVol
  - guid: a8fc94f559c6848608f9d04505f61303
    name: musicVol
  - guid: 7786751039b2345f0a113cc33760685d
    name: sfxVol
  m_AudioMixerGroupViews:
  - guids:
    - 912d80abeda8b4fc59e7441289398b73
    - dd4fb90c99dc647d5a731b4236687e2c
    - 42fbfcb84692148f5b55f764b4f3d2fd
    - 53f17e8d4297443a08c090d91324b499
    name: View
  m_CurrentViewIndex: 0
  m_TargetSnapshot: {fileID: 24500003}
--- !u!243 &24300001
AudioMixerGroupController:
  m_ObjectHideFlags: 0
  m_PrefabParentObject: {fileID: 0}
  m_PrefabInternal: {fileID: 0}
  m_Name: Master
  m_AudioMixer: {fileID: 24100000}
  m_GroupID: 912d80abeda8b4fc59e7441289398b73
  m_Children:
  - {fileID: 24352314}
  - {fileID: 24306476}
  m_Volume: 9d056308e296a44a086e9837b7778dba
  m_Pitch: 924714ace813944c785e756b5ed15b58
  m_Effects:
  - {fileID: 24400002}
  m_UserColorIndex: 0
  m_Mute: 0
  m_Solo: 0
  m_BypassEffects: 0
--- !u!243 &24306476
AudioMixerGroupController:
  m_ObjectHideFlags: 0
  m_PrefabParentObject: {fileID: 0}
  m_PrefabInternal: {fileID: 0}
  m_Name: Music
  m_AudioMixer: {fileID: 24100000}
  m_GroupID: 53f17e8d4297443a08c090d91324b499
  m_Children: []
  m_Volume: a8fc94f559c6848608f9d04505f61303
  m_Pitch: df0bdc4246a7d404c85344ecb1f11a7f
  m_Effects:
  - {fileID: 24453316}
  m_UserColorIndex: 0
  m_Mute: 0
  m_Solo: 0
  m_BypassEffects: 0
--- !u!243 &24352314
AudioMixerGroupController:
  m_ObjectHideFlags: 0
  m_PrefabParentObject: {fileID: 0}
  m_PrefabInternal: {fileID: 0}
  m_Name: SoundEffects
  m_AudioMixer: {fileID: 24100000}
  m_GroupID: 42fbfcb84692148f5b55f764b4f3d2fd
  m_Children:
  - {fileID: 24377212}
  m_Volume: 7786751039b2345f0a113cc33760685d
  m_Pitch: e162ba4de49814e46b4357b84dc4e0cd
  m_Effects:
  - {fileID: 24489922}
  m_UserColorIndex: 0
  m_Mute: 0
  m_Solo: 0
  m_BypassEffects: 0
--- !u!243 &24377212
AudioMixerGroupController:
  m_ObjectHideFlags: 0
  m_PrefabParentObject: {fileID: 0}
  m_PrefabInternal: {fileID: 0}
  m_Name: Engine
  m_AudioMixer: {fileID: 24100000}
  m_GroupID: dd4fb90c99dc647d5a731b4236687e2c
  m_Children: []
  m_Volume: 4abde71e89c7841e9bc8d0a728efd857
  m_Pitch: 0f42954f87d39442e92b838e25d355d4
  m_Effects:
  - {fileID: 24439984}
  m_UserColorIndex: 0
  m_Mute: 0
  m_Solo: 0
  m_BypassEffects: 0
--- !u!244 &24400002
AudioMixerEffectController:
  m_ObjectHideFlags: 3
  m_PrefabParentObject: {fileID: 0}
  m_PrefabInternal: {fileID: 0}
  m_Name: 
  m_EffectID: 5a764b3d658ab4cf29224d8e001d2e4c
  m_EffectName: Attenuation
  m_MixLevel: 2588df4c2d9264a719ef1a32100a7f90
  m_Parameters: []
  m_SendTarget: {fileID: 0}
  m_EnableWetMix: 0
  m_Bypass: 0
--- !u!244 &24439984
AudioMixerEffectController:
  m_ObjectHideFlags: 3
  m_PrefabParentObject: {fileID: 0}
  m_PrefabInternal: {fileID: 0}
  m_Name: 
  m_EffectID: 7870590ee02564982a6615fb49198d1c
  m_EffectName: Attenuation
  m_MixLevel: fa4b32dd4a5b34c179543051a7b44185
  m_Parameters: []
  m_SendTarget: {fileID: 0}
  m_EnableWetMix: 0
  m_Bypass: 0
--- !u!244 &24453316
AudioMixerEffectController:
  m_ObjectHideFlags: 3
  m_PrefabParentObject: {fileID: 0}
  m_PrefabInternal: {fileID: 0}
  m_Name: 
  m_EffectID: 2709f7e3300f240e9b8aa8fbf37ddb94
  m_EffectName: Attenuation
  m_MixLevel: cd2ae8ca5b2f34cb49e4cc618d88c89e
  m_Parameters: []
  m_SendTarget: {fileID: 0}
  m_EnableWetMix: 0
  m_Bypass: 0
--- !u!244 &24489922
AudioMixerEffectController:
  m_ObjectHideFlags: 3
  m_PrefabParentObject: {fileID: 0}
  m_PrefabInternal: {fileID: 0}
  m_Name: 
  m_EffectID: 780ef5a8ebfbf4f8bb75e34106b7f4a5
  m_EffectName: Attenuation
  m_MixLevel: e6eca1d2c1c1548478cb6692ffd29793
  m_Parameters: []
  m_SendTarget: {fileID: 0}
  m_EnableWetMix: 0
  m_Bypass: 0
--- !u!245 &24500003
AudioMixerSnapshotController:
  m_ObjectHideFlags: 0
  m_PrefabParentObject: {fileID: 0}
  m_PrefabInternal: {fileID: 0}
  m_Name: Snapshot
  m_AudioMixer: {fileID: 24100000}
  m_SnapshotID: 8c5cbfa843f8341078b0f36a0791cea2
  m_FloatValues:
    8a780de0525d34251a26f99ce0a827ac: 1354
    9cd11423623394eb3be7a249b75b3fba: 0.39
    26293c35e8a89478d87609af39bd0377: 1.7
    79ce45954620b4c18814ed8bc7ea333a: 1
    62f2b2e5991b541999d0b569c7ce828f: 0.39
    a8fc94f559c6848608f9d04505f61303: 0
    49a2eff5886ad47e2b020508e968690a: 1263
    52773396645234398b79660880546f25: 1252
    3ada11171a17045b689ec29aa488186e: 7384
    c2da6bf973d3546f2bece2058282159e: 177
    fe89088cab13344668e33c7f41df3af7: 0.6
    12912bbde37c541b0a389c8ed8fe7656: 1.95
    cbdc565f7c6944adf93c778be257d0fe: 0.95
    49a6f85fd3c394ae08658cab6ab5d539: 0
  m_TransitionOverrides: {}
